<?xml version="1.0" encoding="UTF-8"?>
<SOAP-ENV:Envelope xmlns:SOAP-ENV="http://schemas.xmlsoap.org/soap/envelope/" xmlns:mx="http://www.loc.gov/MARC21/slim" xmlns:of="http://oss.dbc.dk/ns/openformat"><SOAP-ENV:Body><of:formatResponse><marc21><mx:record format="MARC21" type="Bibliographic"><mx:leader>00000njm a22000000c 4500</mx:leader><mx:controlfield tag="007">sd|f||g|||m|e|</mx:controlfield><mx:controlfield tag="008">101117s2010    fa ||||          | |und|d</mx:controlfield><mx:datafield ind1="8" ind2=" " tag="024"><mx:subfield code="a">0663993226323</mx:subfield></mx:datafield><mx:datafield ind1="0" ind2="0" tag="028"><mx:subfield code="a">FKT 063</mx:subfield><mx:subfield code="b">Tutl</mx:subfield></mx:datafield><mx:datafield ind1="1" ind2=" " tag="029"><mx:subfield code="a">DKDLA</mx:subfield><mx:subfield code="b">870970-basis:28527470</mx:subfield></mx:datafield><mx:datafield ind1=" " ind2=" " tag="040"><mx:subfield code="a">DKDLA</mx:subfield><mx:subfield code="b">dan</mx:subfield><mx:subfield code="c">DKDLA</mx:subfield></mx:datafield><mx:datafield ind1=" " ind2=" " tag="049"><mx:subfield code="a">DK-190101</mx:subfield></mx:datafield><mx:datafield ind1=" " ind2=" " tag="084"><mx:subfield code="a">78.437</mx:subfield><mx:subfield code="2">z</mx:subfield></mx:datafield><mx:datafield ind1="1" ind2=" " tag="100"><mx:subfield code="a">Claro, Sofia Asunción</mx:subfield></mx:datafield><mx:datafield ind1="1" ind2="0" tag="245"><mx:subfield code="a">Music for harp and flute</mx:subfield><mx:subfield code="h">[lydoptagelse]</mx:subfield></mx:datafield><mx:datafield ind1=" " ind2=" " tag="260"><mx:subfield code="b">Tutl,</mx:subfield><mx:subfield code="c">p 2010</mx:subfield></mx:datafield><mx:datafield ind1=" " ind2=" " tag="300"><mx:subfield code="a">1 cd</mx:subfield></mx:datafield><mx:datafield ind1=" " ind2=" " tag="500"><mx:subfield code="a">Plademærke: Tutl. Forlagsnummer: FKT 063</mx:subfield></mx:datafield><mx:datafield ind1="8" ind2=" " tag="505"><mx:subfield code="a">Indhold: Françaix, Jean: Cinque piccoli duetti / Sofia Asunción Claro, harpe ; Lars Graugꜳrd, fløjte -- Graugꜳrd, Lars: Fantasi for fløjte og harpe / Lars Graugꜳrd, fløjte ; Sofia Asunción Claro, harpe -- Hindemith, Paul: Sonate for harpe / Sofia Asunción Claro, harpe -- Persichetti, Vincent: Serenade nr. 10, opus 79 : for fløjte og harpe / Lars Graugꜳrd, fløjte ; Sofia Asunción Claro, harpe -- Ravel, Maurice: Pavane pour une infante défunte / Lars Graugꜳrd, fløjte ; Sofia Asunción Claro, harpe -- Fauré, Gabriel: Sicilienne for violoncel og klaver, opus 78 : for fløjte og harpe / Lars Graugꜳrd, fløjte ; Sofia Asunción Claro, harpe -- Ibert, Jacques: Pièce / Lars Graugꜳrd, fløjte -- Ibert, Jacques: Entr'acte / Lars Graugꜳrd, fløjte ; Sofia Asunción Claro, harpe -- Nielsen, Carl, f. 1865: Moderen Tågen letter / Lars Graugꜳrd, fløjte ; Sofia Asunción Claro, harpe</mx:subfield></mx:datafield><mx:datafield ind1=" " ind2="7" tag="655"><mx:subfield code="a">kammermusik</mx:subfield><mx:subfield code="y">1890-1899</mx:subfield><mx:subfield code="y">1900-1909</mx:subfield><mx:subfield code="y">1920-1929</mx:subfield><mx:subfield code="y">1930-1939</mx:subfield><mx:subfield code="y">1950-1959</mx:subfield><mx:subfield code="y">1970-1979</mx:subfield><mx:subfield code="y">2000-2009</mx:subfield><mx:subfield code="z">Frankrig</mx:subfield><mx:subfield code="z">Italien</mx:subfield><mx:subfield code="z">Danmark</mx:subfield><mx:subfield code="z">Tyskland</mx:subfield><mx:subfield code="2">z</mx:subfield></mx:datafield><mx:datafield ind1=" " ind2="7" tag="655"><mx:subfield code="a">harpesonate</mx:subfield><mx:subfield code="y">1890-1899</mx:subfield><mx:subfield code="y">1900-1909</mx:subfield><mx:subfield code="y">1920-1929</mx:subfield><mx:subfield code="y">1930-1939</mx:subfield><mx:subfield code="y">1950-1959</mx:subfield><mx:subfield code="y">1970-1979</mx:subfield><mx:subfield code="y">2000-2009</mx:subfield><mx:subfield code="z">Frankrig</mx:subfield><mx:subfield code="z">Italien</mx:subfield><mx:subfield code="z">Danmark</mx:subfield><mx:subfield code="z">Tyskland</mx:subfield><mx:subfield code="2">z</mx:subfield></mx:datafield><mx:datafield ind1=" " ind2="7" tag="655"><mx:subfield code="a">instrumental</mx:subfield><mx:subfield code="y">1890-1899</mx:subfield><mx:subfield code="y">1900-1909</mx:subfield><mx:subfield code="y">1920-1929</mx:subfield><mx:subfield code="y">1930-1939</mx:subfield><mx:subfield code="y">1950-1959</mx:subfield><mx:subfield code="y">1970-1979</mx:subfield><mx:subfield code="y">2000-2009</mx:subfield><mx:subfield code="z">Frankrig</mx:subfield><mx:subfield code="z">Italien</mx:subfield><mx:subfield code="z">Danmark</mx:subfield><mx:subfield code="z">Tyskland</mx:subfield><mx:subfield code="2">z</mx:subfield></mx:datafield><mx:datafield ind1=" " ind2="7" tag="655"><mx:subfield code="a">fløjte</mx:subfield><mx:subfield code="y">1890-1899</mx:subfield><mx:subfield code="y">1900-1909</mx:subfield><mx:subfield code="y">1920-1929</mx:subfield><mx:subfield code="y">1930-1939</mx:subfield><mx:subfield code="y">1950-1959</mx:subfield><mx:subfield code="y">1970-1979</mx:subfield><mx:subfield code="y">2000-2009</mx:subfield><mx:subfield code="z">Frankrig</mx:subfield><mx:subfield code="z">Italien</mx:subfield><mx:subfield code="z">Danmark</mx:subfield><mx:subfield code="z">Tyskland</mx:subfield><mx:subfield code="2">z</mx:subfield></mx:datafield><mx:datafield ind1=" " ind2="7" tag="655"><mx:subfield code="a">tværfløjte</mx:subfield><mx:subfield code="y">1890-1899</mx:subfield><mx:subfield code="y">1900-1909</mx:subfield><mx:subfield code="y">1920-1929</mx:subfield><mx:subfield code="y">1930-1939</mx:subfield><mx:subfield code="y">1950-1959</mx:subfield><mx:subfield code="y">1970-1979</mx:subfield><mx:subfield code="y">2000-2009</mx:subfield><mx:subfield code="z">Frankrig</mx:subfield><mx:subfield code="z">Italien</mx:subfield><mx:subfield code="z">Danmark</mx:subfield><mx:subfield code="z">Tyskland</mx:subfield><mx:subfield code="2">z</mx:subfield></mx:datafield><mx:datafield ind1=" " ind2="7" tag="655"><mx:subfield code="a">harpe</mx:subfield><mx:subfield code="y">1890-1899</mx:subfield><mx:subfield code="y">1900-1909</mx:subfield><mx:subfield code="y">1920-1929</mx:subfield><mx:subfield code="y">1930-1939</mx:subfield><mx:subfield code="y">1950-1959</mx:subfield><mx:subfield code="y">1970-1979</mx:subfield><mx:subfield code="y">2000-2009</mx:subfield><mx:subfield code="z">Frankrig</mx:subfield><mx:subfield code="z">Italien</mx:subfield><mx:subfield code="z">Danmark</mx:subfield><mx:subfield code="z">Tyskland</mx:subfield><mx:subfield code="2">z</mx:subfield></mx:datafield><mx:datafield ind1="1" ind2=" " tag="700"><mx:subfield code="a">Graugꜳrd, Lars</mx:subfield></mx:datafield><mx:datafield ind1="1" ind2="2" tag="700"><mx:subfield code="a">Françaix, Jean</mx:subfield><mx:subfield code="t">Cinque piccoli duetti / Sofia Asunción Claro, harpe ; Lars Graugꜳrd, fløjte</mx:subfield></mx:datafield><mx:datafield ind1="1" ind2="2" tag="700"><mx:subfield code="a">Graugꜳrd, Lars</mx:subfield><mx:subfield code="t">Fantasi for fløjte og harpe / Lars Graugꜳrd, fløjte ; Sofia Asunción Claro, harpe</mx:subfield></mx:datafield><mx:datafield ind1="1" ind2="2" tag="700"><mx:subfield code="a">Hindemith, Paul</mx:subfield><mx:subfield code="t">Sonate for harpe / Sofia Asunción Claro, harpe</mx:subfield></mx:datafield><mx:datafield ind1="1" ind2="2" tag="700"><mx:subfield code="a">Persichetti, Vincent</mx:subfield><mx:subfield code="t">Serenade nr. 10, opus 79 : for fløjte og harpe / Lars Graugꜳrd, fløjte ; Sofia Asunción Claro, harpe</mx:subfield></mx:datafield><mx:datafield ind1="1" ind2="2" tag="700"><mx:subfield code="a">Ravel, Maurice</mx:subfield><mx:subfield code="t">Pavane pour une infante défunte / Lars Graugꜳrd, fløjte ; Sofia Asunción Claro, harpe</mx:subfield></mx:datafield><mx:datafield ind1="1" ind2="2" tag="700"><mx:subfield code="a">Fauré, Gabriel</mx:subfield><mx:subfield code="t">Sicilienne for violoncel og klaver, opus 78 : for fløjte og harpe / Lars Graugꜳrd, fløjte ; Sofia Asunción Claro, harpe</mx:subfield></mx:datafield><mx:datafield ind1="1" ind2="2" tag="700"><mx:subfield code="a">Ibert, Jacques</mx:subfield><mx:subfield code="t">Pièce / Lars Graugꜳrd, fløjte</mx:subfield></mx:datafield><mx:datafield ind1="1" ind2="2" tag="700"><mx:subfield code="a">Ibert, Jacques</mx:subfield><mx:subfield code="t">Entr'acte / Lars Graugꜳrd, fløjte ; Sofia Asunción Claro, harpe</mx:subfield></mx:datafield><mx:datafield ind1="1" ind2="2" tag="700"><mx:subfield code="a">Nielsen, Carl,</mx:subfield><mx:subfield code="d">f. 1865</mx:subfield><mx:subfield code="t">Moderen Tågen letter / Lars Graugꜳrd, fløjte ; Sofia Asunción Claro, harpe</mx:subfield></mx:datafield><mx:datafield ind1="0" ind2="2" tag="740"><mx:subfield code="a">5 piccoli duetti</mx:subfield></mx:datafield><mx:datafield ind1=" " ind2=" " tag="901"><mx:subfield code="a">785</mx:subfield></mx:datafield></mx:record><hs activity="insert">DKDLA</hs></marc21></of:formatResponse></SOAP-ENV:Body></SOAP-ENV:Envelope>
